<record><leader>00000cas a22000007a 4500</leader><controlfield tag="001">26775901</controlfield><controlfield tag="008">921013d18321832mauwr ne      0    0eng d</controlfield><datafield ind1=" " ind2=" " tag="010"><subfield code="a">sn 92064175 </subfield></datafield><datafield ind1=" " ind2=" " tag="040"><subfield code="a">RHN</subfield><subfield code="b">eng</subfield><subfield code="c">RHN</subfield><subfield code="d">OCLCQ</subfield></datafield><datafield ind1=" " ind2=" " tag="042"><subfield code="a">msc</subfield></datafield><datafield ind1="0" ind2=" " tag="130"><subfield code="a">Workingmen's press (New Bedford, Mass.)</subfield></datafield><datafield ind1="1" ind2="4" tag="245"><subfield code="a">The workingmen's press.</subfield></datafield><datafield ind1=" " ind2=" " tag="260"><subfield code="a">New-Bedford, Mass. :</subfield><subfield code="b">J.G. Harris</subfield></datafield><datafield ind1=" " ind2=" " tag="300"><subfield code="a">v.</subfield></datafield><datafield ind1=" " ind2=" " tag="310"><subfield code="a">Weekly</subfield></datafield><datafield ind1="0" ind2=" " tag="362"><subfield code="a">Vol. 1, no. 1 (May 10, 1832).</subfield></datafield><datafield ind1=" " ind2=" " tag="752"><subfield code="a">United States</subfield><subfield code="b">Massachusetts</subfield><subfield code="c">Bristol</subfield><subfield code="d">New Bedford.</subfield></datafield><datafield ind1="0" ind2="7" tag="785"><subfield code="t">New-Bedford weekly register (New Bedford, Mass. : 1831)</subfield><subfield code="w">(DLC)sn 83002652</subfield></datafield><datafield ind1="0" ind2="7" tag="785"><subfield code="t">Workingmen's press and weekly register</subfield><subfield code="w">(DLC)sn 92064176</subfield></datafield></record>